%% This BibTeX bibliography file was created using BibDesk.
%% http://bibdesk.sourceforge.net/


%% Created for Michael Conlen at 2013-06-03 22:35:45 -0400 


%% Saved with string encoding Unicode (UTF-8) 



@book{Wilf2006,
	Address = {888 Worchester Street, Suite 230 Wellesley, MA 02482},
	Author = {Wilf, Herbert S.},
	Date-Added = {2013-06-04 02:32:07 +0000},
	Date-Modified = {2013-06-04 02:33:25 +0000},
	Keywords = {generating function},
	Publisher = {A K Peters, Ltd.},
	Title = {Generatingfunctionology},
	Year = {2006}}

@book{GKP94,
	Author = {Graham, Ronald L. and Knuth, Donald E. and Patashnik, Oren},
	Date-Added = {2013-06-04 02:32:04 +0000},
	Date-Modified = {2013-06-04 02:32:04 +0000},
	Edition = {Second},
	Keywords = {Discrete, Continuous, Concrete},
	Publisher = {Addison-Wesley Publishing},
	Title = {Concrete Math},
	Year = {1994}}
